@article{Tullsen,
    AUTHOR="Tullsen, M.",
    TITLE="Compiling Haskell to Java",
    JOURNAL="YALEU/DCS/RR-1204",
    YEAR="1996",
}
@book{Alliet,
  author          = {Alliet, B.},
  title           = {Efficient Translation of Haskell to Java Master’s Thesis Proposal},
  year            = {2007}
}

@article{Choi,
  author          = {Choi, K. and Lim, H. and Han, T.},
  title           = {Compiling Lazy Functional Programs Based on the Spineless Tagless G-machine for the Java Virtual Machine},
  journal         = {FLOPS},
  year            = {2001}
}

@book{Stewart,
  author          = {Stewart, D.},
  title           = {Multi-paradigm just-in-time compilation},
  year            = {2002}
}

@article{PerryMeijer,
  author          = {Perry, N. and Meijer, E.},
  title           = {Implementing functional languages on object-oriented virtual machines},
  journal         = {IEE Proceedings on Software},
  number          = {151(1):1-9},
  year            = {2004}
}

@book{Hunt,
  author  = {Hunt, O.},
  title   = {The Provision of Non-Strictness, Higher Kinded Types and Higher Ranked Types on an Object Oriented Virtual Machine},
  school  = {University of Canterbury},
  year    = {2006}
}

@article{MondrianImplDetails,
  author          = {Meijer, E. and Perry, N. and van Yzendoorn, A.},
  title           = {Scripting .NET using Mondrian},
  journal         = {ECOOP},
  year            = {2001}
}

@article{Brazil,
  author          = {Monteiro, M. and Ara\'ujo, M. and Borges, R. and Santos, A.},
  title           = {Compiling Non-strict Functional Languages for the .NET Platform},
  journal         = {Journal of Universal Computer Science},
  volume          = {11},
  number          = {7},
  year            = {2005}
}

@article{referentialTransparency,
  author          = {Søndergaard, H. and Sestoft, P.},
  title           = {Referential Transparency, Definiteness and Unfoldability},
  journal         = {Acta Informatica},
  number          = {27},
  year            = {1990}
}

@article{lazySpark,
  author          = {Hayot-Sasson, V. and Brown, S.T. and Glatard, T.},
  title           = {Performance Evaluation of Big Data Processing Strategies for Neuroimaging},
  journal         = {CCGRID},
  year            = {2019}
}

@article{amortized,
  author          = {Okasaki, C.},
  title           = {The Role of Lazy Evaluation in Amortized Data Structures},
  journal         = {ICFP'96},
  year            = {1996}
}

@book{spj-book,
  author         = {Peyton Jones, S.},
  title          = {The Implementation of Functional Programming Languages},
  year           = {1987}
}

@article{SECDM,
  author          = {Landin, P.J.},
  title           = {The Mechanical Evaluation of Expressions},
  journal         = {Computer Journal},
  volume          = {6},
  number          = {4},
  year            = {1964}
}

@book{CASE,
  author          = {Davie, A. and McNally, D.},
  title           = {CASE -- A Lazy Version of an SECD Machine with a Flat Environment},
  year            = {1990}
}

@article{G-Machine0,
  author          = {Johnsson, T.},
  title           = {Efficient Compilation of Lazy Evaluation},
  journal         = {Proceedings of the ACM SIGPLAN '84 Symposium on Compiler Construction},
  year            = {1984}
}

@article{G-Machine,
  author          = {Kieburtz, R.B.},
  title           = {The G-machine: a fast, graph-reduction evaluator},
  journal         = {Technical Report CS/E-85-002, Dept. of Computer Science, Oregon Graduate Center},
  year            = {1985}
}

@article{combinators,
  author          = {Turner, D.A.},
  title           = {A new implementation technique for applicative languages},
  journal         = {Software -- Practice and Experience},
  number          = {9:31-49},
  year            = {1979}
}

@article{SKIM,
  author          = {Clarke, T.J.W. and Gladstone, P.J.S. and MacLean, C.D. and Norman, A.C.},
  title           = {SKIM -- The S, K, I Reduction Machine},
  journal         = {Proceedings 1980 LISP conference},
  year            = {1980}
}

@book{CAM0,
  author         = {Cousineau, G. and Curien, P.-L. and Mauny, M.},
  title          = {The categorical abstract machine},
  year           = {1985}
}

@article{CAM,
  author          = {Mauny, M. and Su\'arez, A.},
  title           = {Implementing functional languages in the categorical abstract machine},
  journal         = {Proceedings 1986 ACM Conference on Lisp and Functional Programming},
  year            = {1986}
}

@book{categorical_combinators,
  author         = {Curien, P.-L.},
  title          = {Categorical Combinators},
  year           = {1986}
}

@article{TIM,
  author          = {Fairbairn, J. and Wray, S.},
  title           = {Tim: a simple, lazy abstract machine to execute supercombinators},
  journal         = {Proceedings of 1987 Functional Programming Languages and Computer Architecture Conference},
  year            = {1987}
}

@book{STGM,
  author         = {Peyton Jones, S.},
  title          = {Implementing lazy functional languages on stock hardware: the Spineless Tagless G-machine},
  year           = {1992}
}

@book{demand_analysis,
  author         = {Sergey, I. and Peyton Jones, S. and Vytiniotis, D.},
  title          = {Theory and Practice of Demand Analysis in Haskell},
  year           = {2017}
}

@article{Curry,
  author          = {Curry, H.},
  title           = {Functionality in combinatory logic},
  journal         = {Proceedings
    of the National Academy of Sciences (U.S.A.)},
  number          = {XX},
  year            = {1936}
}

@article{fastcurry,
  author          = {Marlow, S. and Peyton Jones, S.},
  title           = {Making a fast Curry: Push/Enter vs. Eval/Apply for Higher-order Languages},
  journal         = {ICFP'04},
  year            = {2004}
}

@book{multiprocessor,
  author         = {Harris, T. and Marlow, S. and Peyton Jones, S.},
  title          = {Haskell on a Shared-Memory Multiprocessor},
  year           = {2005}
}

@article{coq_extract,
  author          = {Letouzey, P.},
  title           = {A New Extraction for Coq},
  journal         = {TYPES},
  year            = {2002}
}

@book{levity,
  author         = {Eisenberg, R.A. and Peyton Jones, S.},
  title          = {Levity Polymorphism},
  year           = {2017}
}
